@inproceedings{SlopeOne,
  author       = {Daniel Lemire and
                  Anna Maclachlan},
  editor       = {Hillol Kargupta and
                  Jaideep Srivastava and
                  Chandrika Kamath and
                  Arnold Goodman},
  title        = {Slope One Predictors for Online Rating-Based Collaborative Filtering},
  booktitle    = {Proceedings of the 2005 {SIAM} International Conference on Data Mining,
                  {SDM} 2005, Newport Beach, CA, USA, April 21-23, 2005},
  pages        = {471--475},
  publisher    = {{SIAM}},
  year         = {2005},
  url          = {https://doi.org/10.1137/1.9781611972757.43},
  doi          = {10.1137/1.9781611972757.43},
  timestamp    = {Fri, 06 Oct 2023 11:45:43 +0200},
  biburl       = {https://dblp.org/rec/conf/sdm/LemireM05.bib},
  bibsource    = {dblp computer science bibliography, https://dblp.org}
}

@inproceedings{Co-Clustering,
  author       = {Thomas George and
                  Srujana Merugu},
  title        = {A Scalable Collaborative Filtering Framework Based on Co-Clustering},
  booktitle    = {Proceedings of the 5th {IEEE} International Conference on Data Mining
                  {(ICDM} 2005), 27-30 November 2005, Houston, Texas, {USA}},
  pages        = {625--628},
  publisher    = {{IEEE} Computer Society},
  year         = {2005},
  url          = {https://doi.org/10.1109/ICDM.2005.14},
  doi          = {10.1109/ICDM.2005.14},
  timestamp    = {Fri, 24 Mar 2023 00:01:15 +0100},
  biburl       = {https://dblp.org/rec/conf/icdm/GeorgeM05.bib},
  bibsource    = {dblp computer science bibliography, https://dblp.org}
}